<record><leader>00000cas a22000007a 4500</leader><controlfield tag="001">12213382</controlfield><controlfield tag="008">850628d18991908iauwr ne      0    0eng d</controlfield><datafield ind1=" " ind2=" " tag="010"><subfield code="a">sn 85049650 </subfield></datafield><datafield ind1=" " ind2=" " tag="040"><subfield code="a">INP</subfield><subfield code="b">eng</subfield><subfield code="c">INP</subfield><subfield code="d">OCLCQ</subfield></datafield><datafield ind1=" " ind2=" " tag="042"><subfield code="a">msc</subfield></datafield><datafield ind1="0" ind2="4" tag="245"><subfield code="a">The Marengo herald.</subfield></datafield><datafield ind1=" " ind2=" " tag="260"><subfield code="a">Marengo, Iowa :</subfield><subfield code="b">Beem &amp; Paine,</subfield><subfield code="c">1899-1908.</subfield></datafield><datafield ind1=" " ind2=" " tag="300"><subfield code="a">10 v. :</subfield><subfield code="b">ill. ;</subfield><subfield code="c">54-58 cm.</subfield></datafield><datafield ind1="0" ind2=" " tag="362"><subfield code="a">Vol. 1, no. 1 (June 21, 1899)-v. 10, no. 28 (Dec. 30, 1908).</subfield></datafield><datafield ind1=" " ind2=" " tag="500"><subfield code="a">Publishers: Beem &amp; Paine, June 21, 1899-Jan. 16, 1901; E.H. Paine, Jan. 23, 1901-Dec. 30, 1908.</subfield></datafield><datafield ind1=" " ind2=" " tag="752"><subfield code="a">United States</subfield><subfield code="b">Iowa</subfield><subfield code="c">Iowa</subfield><subfield code="d">Marengo.</subfield></datafield><datafield ind1="0" ind2="4" tag="785"><subfield code="t">Marengo Republican</subfield><subfield code="w">(DLC)sn 85038309</subfield></datafield></record>